@misc{GuinessWorldRecordsHumanSpeed,
    title = {Guiness World Records --- Fastest Human (running)},
    organization = {Guiness World Records},
    year = {2009},
    url = {http://www.guinnessworldrecords.com/products/books/superlatives/fastest}
}

@misc{cb,
    author = {Chris Brunsdon},
    title = {Path Estimation from GPS Tracks},
    year = {2007}
}

@misc{ete,
    author = {J. Einbeck and G. Tutz and Evers},
    title = {Local Principal Curves},
    year = {2003},
}

@misc{fy,
    author = {Fang Zong and Yu Bai and Xiao Wang and Yixin Yuan and Yanan He},
    title = {Identifying Travel Mode with GPS Data Using Support Vector Machines and Genetic Algorithm },
    year = {2015}
}

@misc{awb,
    author = {Aaron W. Burgess},
    title = {Determining Trip and Travel Mode from GPS and Accelerometer Data },
    year = {2016}
}

@misc{jtyjycwlnm,
    author = {Jie Tian and Yongyao Jiang and Yuqi Chen and Wenjun Li and Nan Mu},
    title = {Automated Human Mobility Mode Detection Based on GPS Tracking Data},
    year = {2014}
}

@misc{rbehs,
    author = {S. Reddy and J. Burke and D. Estrin and M. Hansen and M. Srivastava},
    title = {Determining transportation mode on mobile phones},
    year = {2008}
}

@misc{dp,
    author = {D. Douglas and T. Peuker},
    title = {Algorithms for the reduction of the number of points required to represent a digitised line or its caricature},
    year = {1973}
}

@misc{gapi,
    title = {Geolocation API},
    url = {https://facebook.github.io/react-native/docs/geolocation},
    year = {2018}
}

@misc{hf,
    title = {Haversine formula},
    url = {https://en.wikipedia.org/wiki/Haversine_formula}
}

@misc{gcd,
    title = {Great-circle distance},
    url = {https://en.wikipedia.org/wiki/Great-circle_distance}
}

@misc{pb,
    author = {Patrick Bertagna},
    title = {How does a GPS tracking system work?},
    year = {2010},
    url = {https://www.eetimes.com/document.asp?doc_id=1278363},
}

@misc{slowpsybx,
    author = {L. Stenneth and O. Wolfson and P. S. Yu and B. Xu},
    title = {Transportation Mode Detection using Mobile Phones and GIS Information},
    year = {2011}
}
